%------------------------------- IF ------------------------------------
@string{AdvSci = "16.806"}
@string{AO = "1.973"}
@string{AOS = "1.28"}
@string{ApplSci = "2.838"}
@string{COL = "2.448"}
@string{Displays = "3.074"}
@string{IRLA = "0.76"}
@string{JID = "4.237"}
@string{JOpt = "2.753"}
@string{JOSK = "1.179"}
@string{Access = "3.476"}
@string{LPOR = "13.138"}
@string{OE = "3.894"}
@string{OL = "3.776"}
@string{OLE = "5.666"}
@string{Optica = "11.104"}
@string{PR = "7.254"}
@string{Sensors = "3.847"}
@string{SR = "4.996"}
@string{TCI = "4.708"}


%------------------------------- In progress ------------------------------------

@misc{YWu2023TCI,
  author     = {Yang Wu and Xiangli Lei and Jun Wang and Ni Chen},
  correspond = {Jun Wang},
  doi        = {},
  ifactor    = TCI,
  journal    = {},
  month      = {},
  note       = {Submitted},
  notecn     = {已提交},
  number     = {},
  pages      = {},
  title      = {Fast Optimization of Computer-Generated Holograms Using Conjugate Gradient},
  volume     = {},
  year       = {2023},
} 



@misc{Chen2022O,
  author     = {Ni Chen and Congli Wang and Wolfgang Heidrich},
  citation   = {},
  correspond = {Ni Chen},
  doi        = {},
  ifactor    = {},
  journal    = {},
  month      = {},
  note       = {Preprint},
  notecn     = {预印},
  number     = {},
  pages      = {},
  title      = {{Differentiable Holography}},
  url        = {http://hdl.handle.net/10754/679652},
  volume     = {},
  year       = {2023},
}


@misc{ZZhang2021OE,
  author       = {Zekun Zhang and Jun Wang* and Fan Wang and Yang Wu and Ni Chen},
  correspond   = {Jun Wang},
  disciplinary = {optics},
  doi          = {},
  ifactor      = {},
  jcr          = {},
  journal      = {},
  month        = {},
  note         = {Submitted},
  number       = {},
  pages        = {},
  title        = {Learning cylindrical holography with an unsupervised deep neuronal network},
  volume       = {},
  year         = {2022},
}

@article{Chen2022APR,
  author     = {Ni Chen and Liangcai Cao and T.-C. Poon and Byoungho Lee and Edmund Y. Lam},
  citation   = {},
  correspond = {Ni Chen},
  doi        = {},
  ifactor    = {},
  journal    = {},
  month      = {},
  note       = {Invited Perspective},
  notecn     = {},
  number     = {},
  pages      = {},
  title      = {{Differentiable Imaging: a new tool for computational optical imaging}},
  url        = {http://hdl.handle.net/10754/686576},
  volume     = {},
  year       = {2023},
}

@article{Wang2021TCI,
  author       = {Congli Wang and Ni Chen and Wolfgang Heidrich*},
  correspond   = {Wolfgang Heidrich},
  disciplinary = {cross},
  doi          = {10.1109/TCI.2022.3212837},
  ifactor      = TCI,
  jcr          = {},
  journal      = {IEEE Transactions on Computational Imaging},
  month        = {October},
  note         = {},
  number       = {},
  pages        = {905-916},
  title        = {dO: A differentiable engine for deep lens design of computational imaging systems},
  volume       = {8},
  year         = {2022},
}

@article{Chen2022OE,
  author       = {Ni Chen* and Congli Wang and Wolfgang Heidrich},
  correspond   = {Ni Chen},
  disciplinary = {optics},
  doi          = {10.1364/OE.471907},
  ifactor      = OE,
  journal      = {Optics Express},
  month        = {Septmeber},
  number       = {21},
  pages        = {37727--37735},
  title        = {{HTRSD: Hybrid Taylor Rayleigh-Sommerfeld diffraction}},
  volume       = {30},
  year         = {2022},
}

@article{PWang2022D,
  author     = {Peiding Wang and Jun Wang and Yang Wu and Chengmin Liu and Han Han and Ni Chen},
  correspond = {Jun Wang},
  doi        = {10.1016/j.displa.2022.102276},
  ifactor    = Displays,
  journal    = {Displays},
  month      = {June},
  note       = {},
  notecn     = {},
  number     = {102276},
  pages      = {},
  title      = {Bi-directional phase compensation to accelerate conical hologram generation},
  volume     = {74},
  year       = {2022},
}

@article{Chen2022frontphotonics,
  author     = {Ni Chen* and Congli Wang and Wolfgang Heidrich},
  citation   = {},
  correspond = {Ni Chen},
  doi        = {10.3389/fphot.2022.835962},
  ifactor    = {},
  journal    = {Frontiers in Photonics},
  month      = {Feb.},
  note       = {},
  notecn     = {},
  number     = {835962},
  pages      = {5},
  title      = {Compact computational holographic display [Invited]},
  volume     = {3},
  year       = {2022},
}


@article{JWang2021OE,
  author     = {Jun Wang* and Xiangli Lei and Yang Wu and Fengming Jin and Ni Chen},
  correspond = {Jun Wang},
  doi        = {10.1364/OE.450778},
  ifactor    = OE,
  journal    = {Optics Express},
  month      = {Jan.},
  note       = {},
  number     = {3},
  pages      = {4288-4301},
  title      = {Holographic display with optical computational Fresnel convolution in broaden distance},
  volume     = {30},
  year       = {2022},
}


@article{Wang2021OE,
  author       = {Congli Wang and Ni Chen and Wolfgang Heidrich*},
  citation     = {},
  correspond   = {},
  disciplinary = {cross},
  doi          = {10.1364/OE.433237},
  ifactor      = OE,
  journal      = {Optics Express},
  month        = {August},
  note         = {},
  notecn       = {},
  number       = {},
  pages        = {30284--30295},
  title        = {Towards self-calibrated computational lens metrology by differentiable refractive deflectometry},
  volume       = {},
  year         = {2021},
}

@article{Ma2021AO,
  author       = {Yifan Ma and Jun Wang* and Yang Wu and Fengming Jin and Zekun Zhang and Zhenxing Zhou and Ni Chen},
  correspond   = {Jun Wang},
  disciplinary = {optics},
  doi          = {10.1364/AO.434077},
  ifactor      = AO,
  journal      = {Applied Optics},
  month        = {August},
  note         = {},
  number       = {24},
  pages        = {7381--7390},
  title        = {Large field-of-view holographic display by gapless splicing of multi-segment cylindrical holograms},
  volume       = {60},
  year         = {2021},
}


@article{Zhou2021OE,
  author       = {Zhenxing Zhou and Jun Wang* and Yang Wu and Fengming Jin and Zekun Zhang and Yifan Ma and Ni Chen},
  correspond   = {Jun Wang},
  disciplinary = {optics},
  doi          = {10.1364/OE.430604},
  ifactor      = OE,
  journal      = {Optics Express},
  month        = {July},
  note         = {},
  number       = {14},
  pages        = {22931-22943},
  title        = {A new holographic display based on conical holography to expand vertical field of view},
  volume       = {29},
  year         = {2021},
}


@article{Chen2021LPOR,
  acm            = {https://cacm.acm.org/news/255187-harnessing-the-particle-tracking-power-of-the-algorithm/fulltext},
  author         = {Ni Chen<sup>&dagger;</sup>* and Congli Wang<sup>&dagger;</sup> and Wolfgang Heidrich},
  citation       = {0},
  correspond     = {},
  disciplinary   = {cross},
  doi            = {10.1002/lpor.202100008},
  eurekalert     = {https://www.eurekalert.org/news-releases/926351},
  ifactor        = LPOR,
  innovation     = {https://www.innovationnewsnetwork.com/developing-algorithm-advance-accurate-particle-tracking/14329/?utm_source=rss&utm_medium=rss&utm_campaign=developing-algorithm-advance-accurate-particle-tracking},
  journal        = {Laser \& Photonics Reviews},
  kaustdiscovery = {https://discovery.kaust.edu.sa/en/article/1165/harnessing-the-particle-tracking-power-of-the-algorithm},
  month          = {April},
  note           = {},
  number         = {8},
  pages          = {2100008},
  physorg        = {https://phys.org/news/2021-08-harnessing-particle-tracking-power-algorithm.html},
  project        = {https://ni-chen.github.io/HoloFlow-PTV/},
  title          = {Snapshot space-time holographic 3D particle tracking velocimetry},
  volume         = {15},
  year           = {2021},
}


@article{Chen2021TCI,
  author       = {Ni Chen* and Congli Wang and Wolfgang Heidrich},
  citation     = {0},
  correspond   = {Ni Chen},
  disciplinary = {cross},
  doi          = {10.1109/TCI.2021.3063870},
  ifactor      = TCI,
  journal      = {IEEE Transactions on Computational Imaging},
  month        = {March},
  note         = {},
  number       = {},
  pages        = {288--296},
  project      = {https://ni-chen.github.io/3D-MB-HoloNet/},
  title        = {Holographic {3D} particle imaging with model-based network},
  volume       = {7},
  year         = {2021},
}


@article{Wu2021OE,
  author       = {Yang Wu and Jun Wang* and Chun Chen and Chan-Juan Liu and Feng-Ming Jin and Ni Chen},
  citation     = {},
  correspond   = {Jun Wang},
  disciplinary = {optics},
  doi          = {10.1364/OE.413723},
  ifactor      = OE,
  journal      = {Optics Express},
  month        = {January},
  note         = {},
  notecn       = {},
  number       = {2},
  pages        = {1412--1427},
  title        = {Generation of phase-only hologram for suppression of artifacts based on adaptive weighted Gerchberg-Saxton algorithm},
  volume       = {29},
  year         = {2021},
}


@article{BLi2020OE,
  author       = {Bingyi Li and Jun Wang* and Chun Chen and Yuejia Li and Ruoxue Yang and Ni Chen},
  citation     = {0},
  correspond   = {Jun Wang},
  disciplinary = {optics},
  doi          = {10.1364/OE.401679},
  ifactor      = OE,
  journal      = {Optics Express},
  month        = {September},
  note         = {},
  notecn       = {},
  number       = {21},
  pages        = {31373-31385},
  title        = {Propagation models between two concentric spheres and hemispherical holography system based on spherical diffraction},
  volume       = {28},
  year         = {2020},
}


@article{RYang2020AppSci,
  author       = {Ruoxue Yang and Jun Wang* and Chun Chen and Yang Wu and Bingyi Li and Yuejia Li and Ni Chen and Boaz Jessie Jackin},
  citation     = {0},
  correspond   = {Jun Wang},
  disciplinary = {optics},
  doi          = {10.3390/app10175784},
  ifactor      = ApplSci,
  journal      = {Applied Science},
  month        = {August},
  note         = {},
  notecn       = {},
  number       = {17},
  pages        = {5784},
  title        = {Fast diffraction calculation for spherical computer-generated hologram using phase compensation method in visible range},
  volume       = {10},
  year         = {2020},
}


@article{YLi2020OE,
  author       = {Yuejia Li and Jun Wang* and Chun Chen and Bingyi Li and Ruoxue Rang and Ni Chen},
  citation     = {0},
  correspond   = {Jun Wang},
  disciplinary = {optics},
  doi          = {10.1364/OE.395791},
  ifactor      = {#OE#},
  journal      = {Optics Express},
  month        = {May},
  note         = {Editors' pick},
  number       = {12},
  pages        = {18516--18528},
  title        = {Occlusion culling for computer-generated cylindrical hologram based on space-limit function},
  volume       = {8},
  year         = {2020},
}


@article{Xu2020Access,
  author       = {Zhimin Xu and Si Zuo and Edmund Y. Lam and Byoungho Lee and Ni Chen*},
  citation     = {0},
  correspond   = {Ni Chen},
  disciplinary = {computer},
  doi          = {10.1109/ACCESS.2020.2995367},
  ifactor      = Access,
  journal      = {IEEE Access},
  month        = {May},
  note         = {},
  number       = {},
  pages        = {92452-92461},
  title        = {{AutoSegNet}: an automated neural network for image segmentation},
  volume       = {8},
  year         = {2020},
}


@article{Chen2019OLE,
  author       = {Ni Chen* and Edmund Y. Lam and T.-C. Poon and Byoungho Lee},
  citation     = {0},
  correspond   = {Ni Chen},
  disciplinary = {optics},
  doi          = {10.1016/j.optlaseng.2019.105945},
  ifactor      = OLE,
  journal      = {Optics and Lasers in Engineering},
  note         = {},
  notecn       = {},
  number       = {2020},
  pages        = {125945},
  project      = {https://ni-chen.github.io/Sectional-Holographic-Imaging},
  title        = {Sectional hologram reconstruction through complex deconvolution},
  volume       = {127},
  year         = {2019},
}


@article{Chen2019IRLA,
  author       = {Ni Chen and Chao Zuo* and Byoungho Lee},
  citation     = {},
  correspond   = {Chao Zuo},
  disciplinary = {optics},
  doi          = {10.3788/IRLA201948.0603013},
  ifactor      = IRLA,
  jcr          = {},
  journal      = {Infrared and Laser Engineering},
  month        = {June},
  note         = {Invited paper},
  number       = {6},
  pages        = {603013},
  title        = {3{D} imaging based on depth measurements},
  volume       = {48},
  year         = {2019},
}

@article{Wan2019AO,
  author       = {Min Wan and Inbarasan Muniraj and Ra'ed Malallah and Ni Chen and John J Healy and James P Ryle and John T. Sheridan*},
  citation     = {0},
  correspond   = {John T. Sheridan},
  disciplinary = {optics},
  doi          = {10.1364/AO.58.002656},
  ifactor      = AO,
  journal      = {Applied Optics},
  month        = {Febrary},
  number       = {10},
  pages        = {2656-2661},
  title        = {Orthographic projection images based photon counted integral {F}ourier holography},
  volume       = {58},
  year         = {2019},
}

@article{Su2019ApplSci,
  author       = {Ping Su and Shu An and Jianshe Ma* and Ni Chen},
  citation     = {0},
  correspond   = {Jianshe Ma},
  disciplinary = {optics},
  doi          = {10.3390/app9030380},
  ifactor      = ApplSci,
  journal      = {Applied Science},
  month        = {Jan.},
  note         = {},
  notecn       = {},
  number       = {3},
  pages        = {380},
  title        = {Study on the reduction effect of stereo depth caused by lens aberration in lenticular-based autostereoscopic displays},
  volume       = {9},
  year         = {2019},
}

@article{Chen2018Sensors,
  author       = {Ni Chen<sup>&dagger;</sup> and Chao Zuo<sup>&dagger;</sup> and Edmund Y. Lam and Byoungho Lee*},
  citation     = {5},
  correspond   = {Byoungho Lee},
  disciplinary = {optics},
  doi          = {10.3390/s18113711},
  ifactor      = Sensors,
  journal      = {Sensors},
  month        = {Oct.},
  note         = {Review},
  notecn       = {邀请综述},
  number       = {11},
  pages        = {3711},
  title        = {3{D} imaging based on depth measurement technologies},
  volume       = {18},
  year         = {2018},
}

@article{Zhou2018OE,
  author       = {Ao Zhou and Wei Wang and Ni Chen* and Edmund Y. Lam and Byoungho Lee and Guohai Situ},
  citation     = {4},
  correspond   = {Ni Chen},
  disciplinary = {optics},
  doi          = {10.1364/oe.26.023661},
  ifactor      = OE,
  journal      = {Optics Express},
  month        = {Aug.},
  number       = {18},
  pages        = {23661-23674},
  project      = {https://ni-chen.github.io/Misalignment-Correction-FPM},
  title        = {Fast and robust misalignment correction of {F}ourier ptychographic microscopy for full field of view reconstruction},
  volume       = {26},
  year         = {2018},
}

@article{Zhou2018JOPT,
  author       = {Ao Zhou and Ni Chen* and Haichao Wang and Guohai Situ},
  citation     = {3},
  correspond   = {Ni Chen},
  disciplinary = {optics},
  doi          = {10.1088/2040-8986/aad453},
  ifactor      = JOpt,
  journal      = {Journal of Optics},
  month        = {Jul.},
  note         = {},
  notecn       = {},
  number       = {9},
  pages        = {095701},
  title        = {Analysis of {F}ourier ptychographic microscopy with half of the captured images},
  volume       = {20},
  year         = {2018},
}

    
@article{HCWang2018AO,
  author       = {Haichao Wang and Ni Chen* and Shanshan Zheng and Jingdan Liu and Guohai Situ},
  citation     = {3},
  correspond   = {Ni Chen},
  disciplinary = {optics},
  doi          = {10.1364/ao.57.00a250},
  ifactor      = AO,
  journal      = {Applied Optics},
  month        = {Jan.},
  number       = {1},
  pages        = {A250--A256},
  title        = {Fast and high-resolution light field acquisition using defocus modulation},
  volume       = {57},
  year         = {2018},
}

@article{Lyu2017SR,
  author       = {Meng Lyu and Wei Wang and Hao Wang and Haichao Wang and Guowei Li and Ni Chen and Guohai Situ*},
  award        = {ESI Highly Cited Paper},
  citation     = {29},
  correspond   = {Guohai Situ},
  disciplinary = {cross},
  doi          = {10.1038/s41598-017-18171-7},
  ifactor      = SR,
  journal      = {Scientific Reports},
  month        = {Dec.},
  number       = {1},
  pages        = {17865},
  title        = {Deep-learning-based ghost imaging},
  volume       = {7},
  year         = {2017},
}

@article{CHWang2017AOS,
  author       = {Caihong Wang and Ni Chen* and Yingjie Yu and Guohai Situ},
  award        = {Cover Image, Highlight and Outstanding paper in Vol. 37, No. 09 of Acta Optica Sinica},
  citation     = {},
  correspond   = {Ni Chen},
  disciplinary = {optics},
  doi          = {10.3788/AOS201737.0909001},
  ifactor      = AOS,
  journal      = {Acta Optica Sinica},
  month        = {Sep.},
  notecn       = {《光学学报》2017年第九期：封面文章、亮点文章、优秀论文},
  number       = {09},
  pages        = {0909001-1--0909001-6},
  title        = {Phase-only Hologram Encoding with One-dimensional Grating Function},
  volume       = {37},
  year         = {2017},
}

@article{Chen2017AO,
  author       = {Ni Chen* and Zhenbo Ren and Dayan Li and Edmund Y. Lam and Guohai Situ},
  citation     = {11},
  code         = {https://github.com/ni-chen/Depth-Sweeping-LF-Imaging},
  correspond   = {Ni Chen},
  disciplinary = {optics},
  doi          = {10.1364/ao.56.000f20},
  ifactor      = AO,
  journal      = {Applied Optics},
  month        = {Feb.},
  number       = {13},
  pages        = {F20--F26},
  title        = {Analysis of the noise in back-projection light field acquisition and its optimization},
  volume       = {56},
  year         = {2017},
}

@article{Ren2017OL,
  author       = {Zhenbo Ren and Ni Chen and Edmund Y. Lam*},
  citation     = {17},
  correspond   = {Edmund Y. Lam},
  disciplinary = {optics},
  doi          = {10.1364/ol.42.001720},
  ifactor      = OL,
  jcr          = {Q1},
  journal      = {Optics Letters},
  month        = {May},
  number       = {9},
  pages        = {1720--1723},
  title        = {Automatic focusing for multisectional objects in digital holography using the structure tensor},
  volume       = {42},
  year         = {2017},
}

@article{Chen2016AO,
  author       = {Ni Chen and Zhenbo Ren and Edmund Y. Lam*},
  citation     = {13},
  code         = {https://github.com/ni-chen/Depth-Sweeping-LF-Imaging},
  correspond   = {Edmund Y. Lam},
  disciplinary = {optics},
  doi          = {10.1364/AO.55.001751},
  ifactor      = AO,
  journal      = {Applied Optics},
  month        = {Mar.},
  note         = {Top Downloaded article on Imaging Systems from Applied Optics and Optics Express in 2015-16},
  notecn       = {2015-16年度Applied Optics 和 Optics Express 成像系统最多下载论文},
  number       = {7},
  pages        = {1751--1756},
  title        = {High resolution {F}ourier hologram synthesis from photographic images through computing the light field},
  volume       = {55},
  year         = {2016},
}

@article{Ren2016AO,
  author       = {Zhenbo Ren and Ni Chen and Edmund Y. Lam*},
  citation     = {27},
  correspond   = {Edmund Y. Lam},
  disciplinary = {optics},
  doi          = {10.1364/ao.55.001040},
  ifactor      = AO,
  journal      = {Applied Optics},
  month        = {Feb.},
  note         = {15 of the Most Cited articles in Applied Optics between 2016 and 2018},
  notecn       = {2016-18年度Applied Optics 15篇最多引用论文},
  number       = {5},
  pages        = {1040-1047},
  title        = {Extended focused imaging and depth map reconstruction in optical scanning holography},
  volume       = {55},
  year         = {2016},
}

@article{Chen2016PR,
  author       = {Ni Chen and Zhenbo Ren and Haiyan Ou and Edmund Y. Lam*},
  citation     = {12},
  correspond   = {Edmund Y. Lam},
  disciplinary = {optics},
  doi          = {10.1364/prj.4.000001},
  ifactor      = PR,
  jcr          = {Q1},
  journal      = {Photonics Research},
  month        = {Feb.},
  number       = {1},
  pages        = {1--6},
  title        = {Resolution enhancement of optical scanning holography with a spiral modulated point spread function},
  volume       = {4},
  year         = {2016},
}

@article{Li2014COL,
  author       = {Gang Li and Keehoon Hong and Jiwoon Yeom and Ni Chen and Jae-Hyeung Park and Nam Kim and Byoungho Lee*},
  citation     = {9},
  correspond   = {Byoungho Lee},
  disciplinary = {optics},
  doi          = {10.3788/col201412.060016},
  ifactor      = COL,
  journal      = {Chinese Optics Letters},
  month        = {Jun.},
  note         = {},
  notecn       = {},
  number       = {6},
  pages        = {060016--60020},
  title        = {Acceleration method for computer generated spherical hologram calculation of real objects using graphics processing unit (Invited Paper)},
  volume       = {12},
  year         = {2014},
}

@article{Chen2014JOSK,
  author       = {Ni Chen and Jiwoon Yeom and Keehoon Hong and Gang Li and Byoungho Lee*},
  citation     = {7},
  correspond   = {Byoungho Lee},
  disciplinary = {optics},
  doi          = {10.3807/josk.2014.18.3.217},
  ifactor      = JOSK,
  issn         = {1226-4776},
  jcr          = {Q3},
  journal      = {Journal of the Optical Society of Korea},
  month        = {Jun.},
  number       = {3},
  pages        = {217-224},
  title        = {Fast-Converging Algorithm for Wavefront Reconstruction based on a Sequence of Diffracted Intensity Images},
  volume       = {18},
  year         = {2014},
}

@article{Park2014JID,
  author       = {Soon-gi Park and Jiwoon Yeom and Youngmo Jeong and Ni Chen and Jong-Young Hong and Byoungho Lee*},
  citation     = {48},
  correspond   = {Byoungho Lee},
  disciplinary = {optics},
  doi          = {10.1080/15980316.2013.867906},
  ifactor      = JID,
  journal      = {Journal of Information Display},
  month        = {Jan.},
  notecn       = {Invited paper},
  number       = {1},
  pages        = {37--46},
  title        = {Recent issues on integral imaging and its applications},
  volume       = {15},
  year         = {2014},
}

@article{Hong2013OE,
  author       = {Keehoon Hong and Soon-gi Park and Jiwoon Yeom and Jonghyun Kim and Ni Chen and Kyungsuk Pyun and Chilsung Choi and Sunil Kim and Jungkwuen An and Hong-Seok Lee and U-in Chung and Byoungho Lee*},
  citation     = {21},
  correspond   = {Byoungho Lee},
  disciplinary = {optics},
  doi          = {10.1364/oe.21.014047},
  ifactor      = OE,
  journal      = {Optics Express},
  month        = {Jun.},
  number       = {12},
  pages        = {14047--14055},
  title        = {Resolution enhancement of holographic printer using a hogel overlapping method},
  volume       = {21},
  year         = {2013},
}

@article{Hong2011AO,
  author       = {Jisoo Hong and Youngmin Kim and Hee-Jin Choi and Joonku Hahn and Jae-Hyeung Park and Hwi Kim and Sung-Wook Min and Ni Chen and Byoungho Lee*},
  award        = {ESI Highly Cited Paper},
  citation     = {326},
  correspond   = {Byoungho Lee},
  disciplinary = {optics},
  doi          = {10.1364/ao.50.000h87},
  ifactor      = AO,
  journal      = {Applied Optics},
  month        = {Dec.},
  notecn       = {},
  number       = {34},
  pages        = {H87--H115},
  title        = {Three-dimensional display technologies of recent interest: principles, status, and issues [{I}nvited]},
  volume       = {50},
  year         = {2011},
}

@article{Chen2011OE,
  author       = {Ni Chen and Jiwoon Yeom and Jae-Hyun Jung and Jae-Hyeung Park and Byoungho Lee*},
  citation     = {32},
  correspond   = {Byoungho Lee},
  disciplinary = {optics},
  doi          = {10.1364/oe.19.026917},
  ifactor      = OE,
  journal      = {Optics Express},
  month        = {Dec.},
  number       = {27},
  pages        = {26917--26927},
  title        = {Resolution comparison between integral-imaging-based hologram synthesis methods using rectangular and hexagonal lens arrays},
  volume       = {19},
  year         = {2011},
}

@article{Chen2010OE,
  author       = {Ni Chen and Jae-Hyeung Park* and Nam Kim},
  citation     = {43},
  code         = {https://github.com/ni-chen/LF-based-Synthetic-Holography},
  correspond   = {Jae-Hyeung Park},
  disciplinary = {optics},
  doi          = {10.1364/oe.18.002152},
  ifactor      = OE,
  journal      = {Optics Express},
  month        = {Jan.},
  number       = {3},
  pages        = {2152--2167},
  title        = {Parameter analysis of integral {F}ourier hologram and its resolution enhancement},
  volume       = {18},
  year         = {2010},
}

@Comment{jabref-meta: databaseType:bibtex;}
