---
---



## patent
--------------------------------2021---------------------------------------
@patent{Xu2018,
title        = {A new type of high resolution light field microscope structure},
author       = {Zhimin Xu and Xuhui Zhang and Ni Chen},
year         = {2019},
num          = {209086540 U},
applnum      = {201821783322.8},
location     = {CN},
url          = {http://www2.soopat.com/Patent/201821783322},
}