% Encoding: UTF-8




%------------------------------- IF ------------------------------------
@string{AdvSci = "16.806"}
@string{AO = "1.973"}
@string{AOS = "1.28"}
@string{ApplSci = "2.679"}
@string{COL = "2.448"}
@string{IRLA = "0.76"}
@string{JID = "2.913"}
@string{JOpt = "2.753"}
@string{JOSK = "1.179"}
@string{LPOR = "13.138"}
@string{OE = "3.894"}
@string{OL = "3.776"}
@string{OLE = "4.836"}
@string{Optica = "11.104"}
@string{PR = "7.08"}
@string{Sensors = "3.275"}
@string{SR = "4.379"}
@string{TCI = "3.490"}
@string{Access = "3.367"}



%============================= journal ===================================



@article{Chen2021frontphotonics,
title      = {Compact computational holographic display},
author     = {Ni Chen and Congli Wang and Wolfgang Heidrich},
correspond = {Ni Chen},
journal    = {Frontiers in Photonics},
volume     = {},
number     = {},
pages      = {},
year       = {2021},
month      = {},
doi        = {},
ifactor    = {},
note       = {Invited paper},
notecn     = {},
citation   = {},
}

@article{XLei2021AO,
title      = {Long-distance holographic display with optical computational Fresnel convolution and AR application},
author     = {Xiangli Lei and Jun Wang and Yang Wu and Fengming Jin and Ni Chen},
correspond = {Jun Wang},
journal    = {Optics Express},
volume     = {},
number     = {},
pages      = {},
year       = {2021},
month      = {},
doi        = {},
ifactor    = AO,
note       = {Submitted},
}

@article{Wang2021TCI,
title      = {Differentiable lens design},
author     = {Congli Wang and Ni Chen and Wolfgang Heidrich},
correspond = {Wolfgang Heidrich},
journal    = {IEEE Transactions on Computational Imaging},
volume     = {},
number     = {},
pages      = {},
year       = {2022},
month      = {},
doi        = {},
ifactor    = TCI,
note       = {Under review},
citation   = {},
}





@article{ZZhang2021AO,
title      = {Learning cylindrical holography with an unsupervised deep neuronal network},
author     = {Zekun Zhang and Jun Wang and Fan Wang and Yang Wu and Ni Chen},
correspond = {Jun Wang},
journal    = {Optics Express},
volume     = {},
number     = {},
pages      = {},
year       = {2021},
month      = {},
doi        = {},
ifactor    = AO,
note       = {Submitted},
}


%-------------------------------Published------------------------------------


@article{JWang2021OE,
title      = {Holographic display with optical computational Fresnel convolution in broaden distance},
author     = {Jun Wang and Xiangli Lei and Yang Wu and Fengming Jin and Ni Chen},
correspond = {Jun Wang},
journal    = {Optics Express},
volume     = {},
number     = {},
pages      = {},
year       = {2022},
month      = {Jan.},
doi        = {},
ifactor    = OE,
note       = {Accepted},
}



@article{Wang2021OE,
title      = {Towards self-calibrated lens metrology by differentiable refractive deflectometry},
author     = {Congli Wang and Ni Chen and Wolfgang Heidrich},
correspond = {Wolfgang Heidrich},
journal    = {Optics Express},
volume     = {29},
number     = {19},
pages      = {30284--30295},
year       = {2021},
month      = {},
doi        = {10.1364/OE.433237},
ifactor    = OE,
note       = {},
citation   = {},
}



@article{Ma2021AO,
title      = {Large Field-of-View Holographic display by gapless splicing of multi-segment cylindrical holograms},
author     = {Yifan Ma and Jun Wang and Yang Wu and Fengming Jin and Zekun Zhang and Zhenxing Zhou and Ni Chen},
correspond = {Jun Wang},
journal    = {Applied Optics},
volume     = {60},
number     = {24},
pages      = {7381--7390},
year       = {2021},
month      = {},
doi        = {10.1364/AO.434077},
ifactor    = AO,
jcr        = {},
note       = {},
}


@article{ZZhou2021OE,
title      = {A new holographic display based on conical holography to expand vertical field of view},
author     = {Zhenxing Zhou and Jun Wang and Yang Wu and Fengming Jin and Zekun Zhang and Yifan Ma and Ni Chen},
correspond = {Jun Wang},
journal    = {Optics Express},
volume     = {29},
number     = {14},
pages      = {22931-22943},
year       = {2021},
month      = {},
doi        = {10.1364/OE.430604},
ifactor    = OE,
note       = {},
}



@article{Chen2021LPOR,
title      = {Snapshot space-time holographic three-dimensional particle tracking velocimetry},
author     = {Ni Chen$^\dagger$ and Congli Wang$^\dagger$ and Wolfgang Heidrich},
correspond = {Ni Chen$^\dagger$},
journal    = {Laser \& Photonics Reviews},
volume     = {15},
number     = {8},
pages      = {2100008},
year       = {2021},
month      = {},
doi        = {10.1002/lpor.202100008},
ifactor    = LPOR,
jcr        = {Q1},
note       = {Reported by media including \href{https://www.eurekalert.org/news-releases/926351}{EurekAlert}, \href{https://phys.org/news/2021-08-harnessing-particle-tracking-power-algorithm.html}{Phys.org}, \href{https://cacm.acm.org/news/255187-harnessing-the-particle-tracking-power-of-the-algorithm/fulltext}{Communications of the ACM}, and etc.},
notecn     = {},
citation   = {},
}

@article{Chen2021TCI,
title      = {Holographic {3D} particle imaging with model-based network},
author     = {Ni Chen and Congli Wang and Wolfgang Heidrich},
correspond = {Ni Chen},
journal    = {IEEE Transactions on Computational Imaging},
volume     = {7},
number     = {},
pages      = {288--296},
year       = {2021},
month      = {},
doi        = {10.1109/TCI.2021.3063870},
ifactor    = TCI,
jcr        = {Q1},
note       = {},
notecn     = {},
citation   = {0},
}


@article{Wu2021OE,
title      = {Adaptive weighted Gerchberg-Saxton algorithm for generation of phase-only hologram with artifacts suppression},
author     = {Yang Wu and Jun Wang and Chun Chen and Chan-Juan Liu and Feng-Ming Jin and Ni Chen},
correspond = {Jun Wang},
journal    = {Optics Express},
volume     = {29},
number     = {2},
pages      = {1412--1427},
year       = {2021},
month      = {Jan.},
doi        = {10.1364/OE.413723},
ifactor    = OE,
jcr        = {Q1},
note       = {},
notecn     = {},
citation   = {},
}


@article{BLi2020OE,
title      = {Spherical self-diffraction for speckle suppression of a spherical phase-only hologram},
author     = {Bingyi Li and Jun Wang and Chun Chen and Yuejia Li and Ruoxue Yang and Ni Chen},
correspond = {Jun Wang},
journal    = {Optics Express},
volume     = {28},
number     = {21},
pages      = {31373--31385},
year       = {2020},
month      = {Sep.},
doi        = {10.1364/OE.401679},
ifactor    = OE,
jcr        = {Q1},
note       = {},
notecn     = {},
citation   = {0},
}


@article{RYang2020ApplSci,
title      = {Fast diffraction calculation for spherical computer-generated hologram
using phase compensation method in visible range},
author     = {Ruoxue Yang and Jun Wang and Chun Chen and Yang Wu and Bingyi Li and Yuejia Li and Ni Chen and Boaz Jessie Jackin},
correspond = {Jun Wang},
journal    = {Applied Science},
volume     = {10},
number     = {17},
pages      = {5784},
year       = {2020},
month      = {Aug.},
doi        = {10.3390/app10175784},
ifactor    = ApplSci,
jcr        = {Q2},
note       = {},
notecn     = {},
citation   = {0},
}


@article{YLi2020OE,
title      = {Occlusion culling for computer-generated cylindrical hologram based on space-limit function},
author     = {Yuejia Li and Jun Wang and Chun Chen and Bingyi Li and Ni Chen},
correspond = {Jun Wang},
journal    = {Optics Express},
volume     = {8},
number     = {12},
pages      = {18516--18528},
year       = {2020},
month      = {May},
doi        = {10.1364/OE.395791},
ifactor    = OE,
jcr        = {Q1},
note       = {},
notecn     = {},
citation   = {0},
}

@article{Xu2020Access,
title      = {{AutoSegNet}: an automated neural network for image segmentation},
author     = {Zhimin Xu and Si Zuo and Edmund Y. Lam and Byoungho Lee and Ni Chen},
correspond = {Ni Chen},
journal    = {IEEE Access},
volume     = {8},
number     = {},
pages      = {92452-92461},
year       = {2020},
month      = {May},
doi        = {10.1109/ACCESS.2020.2995367},
ifactor    = Access,
jcr        = {Q1},
note       = {},
citation   = {0},
}

@article{Chen2019OLE,
title      = {Sectional hologram reconstruction through complex
deconvolution},
author     = {Ni Chen and Edmund Y. Lam and T.-C. Poon and Byoungho Lee},
correspond = {Ni Chen},
journal    = {Optics and Lasers in Engineering},
volume     = {127},
number     = {2020},
pages      = {125945},
year       = {2019},
month      = {},
doi        = {10.1016/j.optlaseng.2019.105945},
ifactor    = OLE,
jcr        = {Q1},
note       = {},
notecn     = {},
citation   = {0},
}

@article{Chen2019IRLA,
title      = {3{D} imaging based on depth measurements},
author     = {Ni Chen and Chao Zuo and Byoungho Lee},
correspond = {Chao Zuo},
journal    = {Infrared and Laser Engineering},
volume     = {48},
number     = {6},
pages      = {603013},
year       = {2019},
month      = {June},
doi        = {10.3788/IRLA201948.0603013},
ifactor    = IRLA,
citation   = {},
}

@article{Wan2019AO,
title      = {Orthographic projection images based photon counted integral {F}ourier holography},
author     = {Min Wan and Inbarasan Muniraj and Ra'ed Malallah and Ni Chen and John J Healy and James P Ryle and John T. Sheridan},
correspond = {John T. Sheridan},
journal    = {Applied Optics},
volume     = {58},
number     = {10},
pages      = {2656-2661},
year       = {2019},
month      = {Feb.},
doi        = {10.1364/AO.58.002656},
ifactor    = AO,
citation   = {0},
}

@article{Su2019ApplSci,
title      = {Study on the reduction effect of stereo depth caused by lens aberration in lenticular-based autostereoscopic displays},
author     = {Ping Su and Shu An and Jianshe Ma and Ni Chen},
correspond = {Jianshe Ma},
journal    = {Applied Science},
volume     = {9},
number     = {3},
pages      = {380},
year       = {2019},
month      = {Jan.},
doi        = {10.3390/app9030380},
ifactor    = ApplSci,
note       = {},
notecn     = {},
citation   = {0},
}

@article{Chen2018Sensors,
title      = {3{D} imaging based on depth measurement technologies},
author     = {Ni Chen$^\dagger$ and Chao Zuo$^\dagger$ and Edmund Y. Lam and Byoungho Lee},
correspond = {Byoungho Lee},
journal    = {Sensors},
volume     = {18},
number     = {11},
pages      = {3711},
month      = {Oct.},
year       = {2018},
ifactor    = Sensors,
doi        = {10.3390/s18113711},  
note       = {Invited review},
notecn     = {邀请综述},
citation   = {5},
}

@article{Zhou2018OE,
title      = {Fast and robust misalignment correction of {F}ourier ptychographic microscopy for full field of view reconstruction},
author     = {Ao Zhou and Wei Wang and Ni Chen and Edmund Y. Lam and Byoungho Lee and Guohai Situ},
correspond = {Ni Chen},  
journal    = {Optics Express},
year       = {2018},
volume     = {26},
number     = {18},
pages      = {23661-23674},
month      = {August},    
doi        = {10.1364/oe.26.023661},
ifactor    = OE,
citation   = {4},
}

@article{Zhou2018JOPT,
title      = {Analysis of {F}ourier ptychographic microscopy with half of the captured images},
author     = {Ao Zhou and Ni Chen and Haichao Wang and Guohai Situ},
correspond = {Ni Chen},
journal    = {Journal of Optics},
volume     = {20},
number     = {9},
pages      = {095701},
year       = {2018},
month      = {Jul.},
doi        = {10.1088/2040-8986/aad453},
ifactor    = JOPT,
note       = {},
notecn     = {},
citation   = {3},
}
    
@article{HCWang2018AO,
title      = {Fast and high-resolution light field acquisition using defocus modulation},
author     = {Haichao Wang and Ni Chen and Shanshan Zheng and Jingdan Liu and Guohai Situ},  
journal    = {Applied Optics},
year       = {2018},
volume     = {57},
number     = {1},
pages      = {A250--A256},
month      = {Jan.},  
correspond = {Ni Chen},
doi        = {10.1364/ao.57.00a250},
ifactor    = AO,
citation   = {3},
}

@article{Lyu2017SR,
title      = {Deep-learning-based ghost imaging},
author     = {Meng Lyu and Wei Wang and Hao Wang and Haichao Wang and Guowei Li and Ni Chen and Guohai Situ},  
journal    = {Scientific Reports},
year       = {2017},
volume     = {7},
number     = {1},
pages      = {17865},
month      = {Dec.},  
correspond = {Guohai Situ},
doi        = {10.1038/s41598-017-18171-7},
ifactor    = SR,
citation   = {29},
}

@article{CHWang2017AOS,
title      = {Phase-only Hologram Encoding with One-dimensional Grating Function},
author     = {Caihong Wang and Ni Chen and Yingjie Yu and Guohai Situ},
correspond = {Ni Chen},
journal    = {Acta Optica Sinica},
volume     = {37},
number     = {09},
pages      = {0909001-1--0909001-6},
year       = {2017},
month      = {Sep.},
doi        = {10.3788/AOS201737.0909001},
ifactor    = AOS,
jcr        = {},
note       = {Cover Image, Highlight and Outstanding paper in Vol. 37, No. 09 of Acta Optica Sinica},
notecn     = {《光学学报》2017年第九期：封面文章、亮点文章、优秀论文},
citation   = {}
}

@article{Chen2017AO,
title      = {Analysis of the noise in back-projection light field acquisition and its optimization},
author     = {Ni Chen and Zhenbo Ren and Dayan Li and Edmund Y. Lam and Guohai Situ},  
correspond = {Ni Chen},
journal    = {Applied Optics},
year       = {2017},
volume     = {56},
number     = {13},
pages      = {F20--F26},
month      = {Feb.},    
doi        = {10.1364/ao.56.000f20},
ifactor    = AO,
jcr        = {Q2},
citation   = {11},
}

@article{Ren2017OL,
title      = {Automatic focusing for multisectional objects in digital holography using the structure tensor},
author     = {Zhenbo Ren and Ni Chen and Edmund Y. Lam},
correspond = {Edmund Y. Lam},
journal    = {Optics Letters},
year       = {2017},
volume     = {42},
number     = {9},
pages      = {1720--1723},
month      = {May},
doi        = {10.1364/ol.42.001720},
ifactor    = OL,
jcr        = {Q1},
citation   = {17},
}

@article{Chen2016AO,
title      = {High resolution {F}ourier hologram synthesis from photographic images through computing the light field},
author     = {Ni Chen and Zhenbo Ren and Edmund Y. Lam},
correspond = {Edmund Y. Lam},
journal    = {Applied Optics},
volume     = {55},
number     = {7},
pages      = {1751--1756},
year       = {2016},
month      = {Mar.},
doi        = {10.1364/AO.55.001751},
ifactor    = AO,
note       = {Top downloaded article on imaging systems from Applied Optics and Optics Express in 2015-16},
notecn     = {2015-16年度Applied Optics 和 Optics Express 成像系统最多下载论文},
citation   = {13},
}

@article{Ren2016AO,  
title      = {Extended focused imaging and depth map reconstruction in optical scanning holography},
author     = {Zhenbo Ren and Ni Chen and Edmund Y. Lam},
correspond = {Edmund Y. Lam},
journal    = {Applied Optics},
year       = {2016},
volume     = {55},
number     = {5},
pages      = {1040-1047},
month      = {Feb.},
note       = {15 of the most cited articles in applied optics between 2016 and 2018},  
doi        = {10.1364/ao.55.001040},
ifactor    = AO,
jcr        = {Q2},
notecn     = {2016-18年度Applied Optics 15篇最多引用论文},
citation   = {27},
}

@article{Chen2016PR,  
title      = {Resolution enhancement of optical scanning holography with a spiral modulated point spread function},
author     = {Ni Chen and Zhenbo Ren and Haiyan Ou and Edmund Y. Lam},
journal    = {Photonics Research},
year       = {2016},
volume     = {4},
number     = {1},
pages      = {1--6},
month      = {Feb.},
correspond = {Edmund Y. Lam},
doi        = {10.1364/prj.4.000001},
ifactor    = PR,
jcr        = {Q1},
citation   = {12},
}

@article{Li2014COL,  
title      = {Acceleration method for computer generated spherical hologram calculation of real objects using graphics processing unit (Invited Paper)},
author     = {Gang Li and Keehoon Hong and Jiwoon Yeom and Ni Chen and Jae-Hyeung Park and Nam Kim and Byoungho Lee},
correspond = {Byoungho Lee},
journal    = {Chinese Optics Letters},
year       = {2014},
volume     = {12},
number     = {6},
pages      = {060016--60020},
month      = {Jun.},
doi        = {10.3788/col201412.060016},
ifactor    = COL,
note       = {},
notecn     = {},
citation   = {9},  
}

@article{Chen2014JOSK,
title      = {Fast-Converging Algorithm for Wavefront Reconstruction based on a Sequence of Diffracted Intensity Images},
author     = {Ni Chen and Jiwoon Yeom and Keehoon Hong and Gang Li and Byoungho Lee},
correspond = {Byoungho Lee},
journal    = {Journal of the Optical Society of Korea},
year       = {2014},
volume     = {18},
number     = {3},
pages      = {217-224},
month      = {Jun.},
issn       = {1226-4776},  
doi        = {10.3807/josk.2014.18.3.217},
ifactor    = JOSK,
jcr        = {Q3},
citation   = {7},
}

@article{Park2014JID,  
title      = {Recent issues on integral imaging and its applications},
author     = {Soon-gi Park and Jiwoon Yeom and Youngmo Jeong and Ni Chen and Jong-Young Hong and Byoungho Lee},
correspond = {Byoungho Lee},
journal    = {Journal of Information Display},
year       = {2014},
volume     = {15},
number     = {1},
pages      = {37--46},
month      = {Jan.},
doi        = {10.1080/15980316.2013.867906},
ifactor    = JID,
note       = {Invited paper},
notecn     = {邀请综述r},
citation   = {48},  
}

@article{Hong2013OE,
title      = {Resolution enhancement of holographic printer using a hogel overlapping method},
author     = {Keehoon Hong and Soon-gi Park and Jiwoon Yeom and Jonghyun Kim and Ni Chen and Kyungsuk Pyun and Chilsung Choi and Sunil Kim and Jungkwuen An and Hong-Seok Lee and U-in Chung and Byoungho Lee},
correspond = {Byoungho Lee},
journal    = {Optics Express},
year       = {2013},
volume     = {21},
number     = {12},
pages      = {14047--14055},
month      = {Jun.},
doi        = {10.1364/oe.21.014047},
ifactor    = OE,
citation   = {21},
}

@article{Hong2011AO,
title      = {Three-dimensional display technologies of recent interest: principles, status, and issues [{I}nvited]},
author     = {Jisoo Hong and Youngmin Kim and Hee-Jin Choi and Joonku Hahn and Jae-Hyeung Park and Hwi Kim and Sung-Wook Min and Ni Chen and Byoungho Lee},
correspond = {Byoungho Lee},
journal    = {Applied Optics},
year       = {2011},
volume     = {50},
number     = {34},
pages      = {H87--H115},
month      = {Dec.},
doi        = {10.1364/ao.50.000h87},
ifactor    = AO,
note       = {ESI highly cited paper},
notecn     = {ESI高被引论文},
citation   = {326},  
}

@article{Chen2011OE,
title      = {Resolution comparison between integral-imaging-based hologram synthesis methods using rectangular and hexagonal lens arrays},
author     = {Ni Chen and Jiwoon Yeom and Jae-Hyun Jung and Jae-Hyeung Park and Byoungho Lee},
correspond = {Byoungho Lee},
journal    = {Optics Express},
year       = {2011},
volume     = {19},
number     = {27},
pages      = {26917--26927},
month      = {Dec.},
doi        = {10.1364/oe.19.026917},
ifactor    = OE,
citation   = {32},  
}

@article{Chen2010OE,  
title      = {Parameter analysis of integral {F}ourier hologram and its resolution enhancement},
author     = {Ni Chen and Jae-Hyeung Park and Nam Kim},
correspond = {Jae-Hyeung Park},
journal    = {Optics Express},
year       = {2010},
volume     = {18},
number     = {3},
pages      = {2152--2167},
month      = {Jan.},  
doi        = {10.1364/oe.18.002152},
ifactor    = OE,
citation   = {43},  
}

%============================= conference ==================================

%--------------------------------2021---------------------------------------
@inproceedings{Chen2021FiOLounge,
author     = {Ni Chen and Congli Wang and Wolfgang Heidrich},
title      = {Computational {3D/4D} holographic imaging},
booktitle  = {Tech Talk at Frontiers in Optics/Laser Science - OSA Membership Booth/Lounge},
year       = {2021},
pages      = {},
address    = {Virtual},
month      = {November},
correspond = {},
doi        = {},
jcr        = {},
disciplinary={cross},
}


@inproceedings{Chen2021FiO,
author     = {Ni Chen and Congli Wang and Wolfgang Heidrich},
title      = {Computational {3D/4D} holographic imaging},
booktitle  = {OSA Frontiers in Optics/Laser Science},
year       = {2021},
pages      = {},
address    = {Virtual},
month      = {Oct},
correspond = {},
doi        = {},
jcr        = {},
}

@inproceedings{Chen2021CITA,
author     = {Ni Chen and Congli Wang and Wolfgang Heidrich},
title      = {New techniques of computational {3D/4D} holographic imaging},
booktitle  = {Computational Imaging conference},
year       = {2021},
pages      = {},
address    = {Hangzhou, China},
month      = {September},
correspond = {},
doi        = {},
jcr        = {},
disciplinary={cross},
}


@inproceedings{Wang2021IODC,
author     = {Congli Wang and Ni Chen and Wolfgang Heidrich},
title      = {Lens design optimization by back-propagation},
booktitle  = {International Optical Design conference},
year       = {2021},
pages      = {JTh4A.2},
address    = {Virtual},
month      = {June},
correspond = {},
doi        = {},
jcr        = {},
note       = {Student paper award},
}

@inproceedings{Wang2021DH,
author     = {Congli Wang and Ni Chen and Wolfgang Heidrich},
title      = {Lens design with automatic differentiation},
booktitle  = {Imaging and Systems and Applications},
year       = {2021},
pages      = {IF1D.6},
address    = {Virtual},
month      = {July},
correspond = {},
doi        = {10.1364/ISA.2021.IF1D.6},
jcr        = {},
note       = {},
}

@inproceedings{Chen2021DH,
author     = {Ni Chen and Congli Wang and Wolfgang Heidrich},
title      = {Space-time optical imaging framework: Holographic particle tracking velocimetry},
booktitle  = {Digital Holography \& {3D} Imaging},
year       = {2021},
pages      = {W4B.4},
address    = {Virtual},
month      = {July},
correspond = {},
doi        = {10.1364/DH.2021.DW4B.4},
jcr        = {},
note       = {},
}


%--------------------------------2020---------------------------------------

@inproceedings{Chen2020DH,
  author     = {Ni Chen and Yuqi Li and Wolfgang Heidrich},
  booktitle  = {Digital Holography \& {3D} Imaging},
  title      = {Physics-based Holo-Net for three-dimensional imaging},
  year       = {2020},
  month      = {June},
  pages      = {JTh3D.3},
  correspond = {Wolfgang Heidrich},
  doi        = {10.1364/3d.2020.jth3d.3},
}

%--------------------------------2019---------------------------------------

@inproceedings{Chen2019AOPC,
  author     = {Ni Chen and Byoungho Lee},
  title      = {Wavefront deconvolution and its applications},
  month      = {July},
  year       = {2019},
  address    = {Beijing, China},
  booktitle  = {SPIE proceeding of 8th Applied Optics and Photonics China (AOPC 2019)},
  correspond = {Ni Chen},
}

@inproceedings{Chen2019DH,
  author     = {Ni Chen and Jinsoo Jeong and Byoungho Lee},
  booktitle  = {Digital Holography \& {3D} Imaging},
  title      = {Light field compression with holography},
  year       = {2019},
  address    = {France},
  month      = {May},
  pages      = {W2A.4},
  correspond = {Ni Chen},
  doi        = {10.1364/dh.2019.w2a.4},
}

%--------------------------------2018---------------------------------------
@conference{Chen2018IMID,
title      = {High-resolution light field acquisition without defocus noise}, 
author     = {Ni Chen and Byoungho Lee}, 
correspond = {Ni Chen},
booktitle  = {The 18th International Meeting on Information Display},
pages      = {P3-98},
month      = {August},
year       = {2018},
address    = {Busan, Korea},
}

@inproceedings{Zhou2018DH,
author     = {Ao Zhou and Wei Wang and Ni Chen and Guohai Situ},
title      = {Fast light source misalignment correction of Fourier ptychographic microscopy},
booktitle  = {Imaging and Applied Optics 2018},
year       = {2018},
pages      = {JTh3A.5},
address    = {Orlando, USA},
month      = {Jun.},
correspond = {Ni Chen},
doi        = {10.1364/3d.2018.jth3a.5},
jcr        = {EI},
}

@inproceedings{Wang2018DH,
author     = {Hao Wang and Meng Lyu and Ni Chen and Guohai Situ},
title      = {In-line hologram reconstruction with deep learning},
booktitle  = {Imaging and Applied Optics 2018},
year       = {2018},
pages      = {DW2F.2},
address    = {Orlando, USA},
month      = {Jun.},
correspond = {Hao Wang},
doi        = {10.1364/dh.2018.dw2f.2},
jcr        = {EI},
}

@inproceedings{Wan2018SPIE,
author     = {Min Wan and Inbarasan Muniraj and Ni Chen and Derek Cassidy and John J Healy and James P Ryle and John T Sheridan},
title      = {Photon-counted integral holography using orthographic projection images},
booktitle  = {Unconventional Optical Imaging},
year       = {2018},
pages      = {106773G},
address    = {Strasbourg, France},
month      = {May},
correspond = {John T Sheridan},
doi        = {10.1117/12.2307581},
jcr        = {EI},
}

%--------------------------------2017---------------------------------------
@inproceedings{Zhou2017OIT,
author     = {Ao Zhou and Guohai Situ and Ni Chen},
title      = {Analysis of Fourier ptychographic microscopy with half reduced images},
booktitle  = {2017 International conference on Optical Instruments and Technology: Optoelectronic Imaging/Spectroscopy and Signal Processing Technology},
year       = {2018},
address    = {Beijing, China},
month      = {Jan.},
correspond = {Ni Chen},
doi        = {10.1117/12.2287075},
jcr        = {EI},
}

@inproceedings{Chen2017DH,
author     = {Ni Chen and Haichao Wang and Ao Zhou and Guohai Situ},
title      = {High performance light field acquisition},
booktitle  = {Digital Holography and Three-Dimensional Imaging},
year       = {2017},
address    = {Jeju, Korea},
month      = {May},
correspond = {Ni Chen},
doi        = {10.1364/dh.2017.w2a.21},
jcr        = {EI},
}

@inproceedings{Wang2017DH,
author     = {Haichao Wang and Ni Chen and Jingdan Liu and Guohai Situ},
title      = {Light field imaging based on defocused photographic images},
booktitle  = {Digital Holography \& {3D} Imaging},
year       = {2017},
address    = {Jeju, Korea},
month      = {May},
correspond = {Ni Chen},
doi        = {10.1364/dh.2017.w3a.3},
jcr        = {EI},
}

%----------------------------------2015-----------------------------------------

@inproceedings{Ren2015IST,
author     = {Zhenbo Ren and Ni Chen and Antony C. S. Chan and Edmund Y. Lam},
title      = {Extended focused imaging in a holographic microscopy imaging system},
booktitle  = {2015 IEEE International conference on Imaging System \& Techniques},
year       = {2015},
pages      = {1--6},
address    = {Macau, China},
month      = {Sep.},
correspond = {Edmund Y. Lam},
doi        = {10.1109/ist.2015.7294471},
jcr        = {EI},
}

@inproceedings{Ren2015DH,
author     = {Zhenbo Ren and Ni Chen and Antony Chan and Edmund Y. Lam},
title      = {Autofocusing of Optical Scanning Holography Based on Entropy Minimization},
booktitle  = {Digital Holography {\&} {3D} Imaging Meeting},
year       = {2015},
pages      = {DT4A.4},
address    = {Shanghai, China},
month      = {May},
correspond = {Edmund Y. Lam},
doi        = {10.1364/dh.2015.dt4a.4},
jcr        = {EI},
}

@inproceedings{Chen2015DH,
author     = {Ni Chen and Zhenbo Ren and Antony Chan and Xing Sun and Edmund Y. Lam},
title      = {Depth Enhancement of Optical Scanning Holography with a Spiral Phase Plate},
booktitle  = {Digital Holography {\&} {3D} Imaging Meeting},
year       = {2015},
pages      = {DW2A.3},
address    = {Shanghai, China},
month      = {May},
correspond = {Edmund Y. Lam},
doi        = {10.1364/dh.2015.dw2a.3},
jcr        = {EI},
}

%---------------------------------2014-----------------------------------------

@inproceedings{Lee2014IPC,
author     = {Byoungho Lee and Soon-gi Park and Ni Chen and Jiwoon Yeom and Keehoon Hong and Jonghyun Kim},
title      = {New technologies and perspective for {3D} imaging},
booktitle  = {2014 {IEEE} Photonics conference},
year       = {2014},
pages      = {176-177},
address    = {San Diego, CA, USA},
month      = {Oct.},
correspond = {Byoungho Lee},
doi        = {10.1109/ipcon.2014.6995305},
jcr        = {EI},
notecn     = {邀请论文},
}

@inproceedings{Chen2014DH,
author     = {Ni Chen and Jae-Hyeung Park and Jiwoon Yeom and Jonghyun Kim and Gang Li and Byoungho Lee},
title      = {{F}ourier hologram synthesis from two photographic images captured at different focal planes},
booktitle  = {Imaging and Applied Optics 2014},
year       = {2014},
volume     = {JTu4A},
pages      = {6},
address    = {Seattle, Washington, USA},
month      = {Jul.},
correspond = {Byoungho Lee},
doi        = {10.1364/aio.2014.jtu4a.6},
jcr        = {EI},
}

%-----------------------------------2013---------------------------------------
@conference{Li2013OPTIC,
title      = {Acceleration of spherical hologram generation with spherical wavefront recording surface},
author     = {Gang Li and Keehoon Hong and Ni Chen and Jae-Hyeung Park and Nam kim and Byoungho Lee},
correspond = {Byoungho Lee},
booktitle  = {Optics and Photonics Taiwan, the International conference 2013},
pages      = {2013--FRI--S0402--O003},
month      = {Dec.},
year       = {2013},
address    = {Zhongli, Taiwan},
doi        = {}
}

@conference{Chen2013PC,
  author     = {Ni Chen and Keehoon Hong and Jiwoon Yeom and Byoungho Lee},
  booktitle  = {Photonics conference},
  title      = {Wavefront reconstruction using multiple illuminations and single-shot intensity image},
  year       = {2013},
  address    = {Jeju, Korea},
  month      = {Nov.},
  pages      = {382--384},
  volume     = {TP-VI9},
  correspond = {Byoungho Lee},
}

@inproceedings{Chen2013FRINGE,
  author     = {Ni Chen and Jiwoon Yeom and Byoungho Lee},
  booktitle  = {Fringe 2013},
  title      = {Optimized Phase Retrieval Algorithm with Multiple Illuminations},
  year       = {2014},
  address    = {Nurtingen, Germany},
  month      = {Sep.},
  pages      = {337--340},
  correspond = {Byoungho Lee},
  doi        = {10.1007/978-3-642-36359-7\_60},
}

@conference{Chen2013OSKAM,
  author     = {Ni Chen and Byoungho Lee},
  booktitle  = {The Optical Society of Korea Annual Meeting 2013},
  title      = {Wavefront measurement using intensity images},
  year       = {2013},
  address    = {Daejeon, Korea},
  month      = {Feb.},
  pages      = {WP--III4},
  correspond = {Byoungho Lee},
}

%----------------------------------2012----------------------------------------

@conference{Lee2012DHIP,
  author     = {Byoungho Lee and Ni Chen and Keehoon Hong and Jiwoon Yeom},
  booktitle  = {The 2th Korea--Japan Workshop on Digital Holography and Information Photonics~(DHIP)},
  title      = {Hologram generation from intensity images},
  year       = {2012},
  address    = {Tokushima, Japan},
  month      = {Nov.},
  correspond = {Byoungho Lee},
  notecn     = {邀请论文},
}

@inproceedings{Chen2012PA,
author     = {Ni Chen and Keehoon Hong and Jiwoon Yeom and Jae-Hyun Jung and Byoungho Lee},
title      = {Experiment verification of hologram generation using intensity images},
booktitle  = {Information Optics and Optical Data Storage {II}},
year       = {2012},
volume     = {8559-15},
pages      = {85590F--85590F},
address    = {Beijing, China},
month      = {Nov.},
correspond = {Byoungho Lee},
doi        = {10.1117/12.1000098},
jcr        = {EI},
}

@conference{Chen2012IMID,
title      = {Hologram recording using one single color intensity image},
author     = {Ni Chen and Jiwoon Yeom and Byoungho Lee},
correspond = {Byoungho Lee},
booktitle  = {The 12th International Meeting on Information Display},
pages      = {660--661},
month      = {Aug.},
year       = {2012},
address    = {Daegu, Korea},
doi        = {},
note       = {Outstanding poster paper award},
notecn     = {最佳海报论文奖},
}

@conference{lee2012HOLOMET,
title      = {Hologram generation based on incoherent capturing},
author     = {Byoungho Lee and Jiwoon Yeom and Ni Chen},
correspond = {Byoungho Lee},
booktitle  = {4th International Workshop on Perspectives of Optical Imaging and Metrology},
month      = {July},
year       = {2012},
address    = {Utsunomiya, Japan},
doi        = {},
}

@conference{Chen20123DSA,
title      = {Digital hologram recording using transport of intensity equation},
author     = {Ni Chen and Jiwoon Yeom and Gibal Park and Jae-Hyeung Park and Byoungho Lee},
correspond = {Byoungho Lee},
booktitle  = {The 4th International conference on 3D system and Applications},
pages      = {94--96},
month      = {June},
year       = {2012},
address    = {Hsinchu, Taiwan},
doi        = {}
}

%----------------------------------2011----------------------------------------

@conference{Chen2011DHIP,
title      = {Analysis of the resolution of hologram reconstruction related to the lens array shape based on integral imaging},
author     = {Ni Chen and Byoungho Lee},
correspond = {Byoungho Lee},
booktitle  = {the first Korea-Japan Workshop on Digital Holography and Information Photonics},
volume     = {},
pages      = {87-88},
month      = {Nov.},
year       = {2011},
address    = {Seoul, Korea},
doi        = {}
}

@conference{Chen2011IMID,
title      = {High resolution {F}ourier hologram generation using hexagonal lens array based on integral imaging},
author     = {Ni Chen and Jiwoon Yeom and Jae-Hyeung Park and Byoungho Lee},
correspond = {Byoungho Lee},
booktitle  = {The 11th International Meeting on Information Display},
volume     = {},
pages      = {P2-05},
month      = {Oct.},
year       = {2011},
address    = {Seoul, Korea},
doi        = {}
}

@conference{Chen2011COOC,
title      = {High efficiency computer generated multi--plane phase-only hologram algorithm},
author     = {Ni Chen and Jiwoon Yeom and Jae-Hyeung Park and Byoungho Lee},
correspond = {Byoungho Lee},
booktitle  = {18th conference on Optoelectronics and Optical Communication},
volume     = {F1D-IV3},
pages      = {314--315},
month      = {May},
year       = {2011},
address    = {Gyeongju, Korea},
doi        = {}
}

@conference{Yeom2011COOC,
title      = {Depth resolution improvement based on an integrated phase hologram image},
author     = {Jiwoon Yeom and Ni Chen and Jae-Hyeung Park and Byoungho Lee},
correspond = {Byoungho Lee},
booktitle  = {18th conference on Optoelectronics and Optical Communication},
volume     = {T2D-IV5},
pages      = {180--181},
month      = {May},
year       = {2011},
address    = {Gyeongju, Korea},
doi        = {},
note       = {Best paper award},
notecn     = {最佳论文奖}
}

@inproceedings{Chen2011DH,
author     = {Ni Chen and Jiwoon Yeom and Keehoon Hong and Jisoo Hong and Jae-Hyun Jung and Jae-Hyeung Park and Byoungho Lee},
title      = {Phase-only hologram generation from multiple defocused images of three-dimensional object},
booktitle  = {Digital Holography and Three-Dimensional Imaging},
year       = {2011},
pages      = {DMB3},
address    = {Tokyo, Japan},
month      = {May},
correspond = {Byoungho Lee},
doi        = {10.1364/dh.2011.dmb3},
}

@conference{Chen2011OSKAM,
title      = {Numerical phase--only {F}resnel hologram generation of three--dimensional object},
author     = {Ni Chen and Jiwoon Yeom and Keehoon Hong and Jisoo Hong and Jae-Hyeung Park and Byoungho Lee},
correspond = {Byoungho Lee},
booktitle  = {The Optical Society of Korea Annual Meeting 2011},
pages      = {TP--VII4},
month      = {Feb.},
year       = {2011},
address    = {Seoul, Korea},
doi        = {}
}

%---------------------------------2010-----------------------------------------

@conference{Chen2010IMID,
  author     = {Ni Chen and Meilan Piao and Jae-Hyeung Park and Nam Kim},
  booktitle  = {10th International Meeting on Information Display},
  title      = {Color reconstruction of 3D objects from single--plane {F}ourier hologram based on integral imaging},
  year       = {2010},
  address    = {Ilsan, Korea},
  month      = {Oct.},
  pages      = {59-4},
  correspond = {Jae-Hyeung Park},
  jcr        = {EI},
}

@inproceedings{Park2010DH,
author     = {Jae-Hyeung Park and Seung--Woo Seo and Ni Chen and Nam Kim},
title      = {Hologram synthesis from defocused images captured under incoherent illumination},
booktitle  = {Biomedical Optics and 3-D Imaging},
year       = {2010},
pages      = {JMA29},
address    = {Miami, Florida, USA},
month      = {April},
correspond = {Jae-Hyeung Park},
doi        = {10.1364/biomed.2010.jma29},
jcr        = {EI},
}

@inproceedings{Park2010SPIE,
author     = {Jae-Hyeung Park and Seung-Woo Seo and Ni Chen and Nam Kim},
title      = {Fourier hologram generation from multiple incoherent defocused images},
booktitle  = {Three-Dimensional Imaging, Visualization, and Display 2010 and Display Technologies and Applications for Defense, Security, and Avionics {IV}},
year       = {2010},
volume     = {7690},
pages      = {76900F},
address    = {Orlando, Florida, USA},
month      = {April},
correspond = {Jae-Hyeung Park},
doi        = {10.1117/12.852487},
jcr        = {EI},
}

@inproceedings{Chen2010SPIE,
author     = {Ni Chen and Jae-Hyeung Park and Nam Kim},
title      = {Resolution analysis of Fourier hologram using integral imaging and its enhancement},
booktitle  = {Emerging Liquid Crystal Technologies V},
year       = {2010},
volume     = {7618},
pages      = {76180901--76180908},
address    = {San Francisco, California, USA},
month      = {Jan.},
correspond = {Jae-Hyeung Park},
doi        = {10.1117/12.840175},
jcr        = {EI},
}

%----------------------------------2009----------------------------------------
@conference{Chen2009AOSK,
title      = {Resolution analysis of {F}ourier hologram using integral imaging},
author     = {Ni Chen and Jae-Hyeung Park and Nam Kim},
correspond = {Jae-Hyeung Park},
booktitle  = {20th Anniversary of the Optical Society of Korea, Special Technical Presentation conference},
volume     = {},
pages      = {WP-III6},
month      = {Oct.},
year       = {2009},
address    = {Gwangju, Korea},
doi        = {}
}

@conference{Chen2009workshop,
title      = {Resolution enhanced {F}ourier Hologram using integral imaging},
author     = {Ni Chen and Jae-Hyeung Park and Nam Kim},
correspond = {Jae-Hyeung Park},
booktitle  = {14th 3D Display Media Technical Workshop},
volume     = {P-3},
pages      = {112--117},
month      = {June},
year       = {2009},
address    = {Seoul, Korea},
doi        = {}
}

@conference{Chen2009COOC,
title      = {Resolution enhanced {F}ourier hologram using integral imaging with lens array shifting},
author     = {Ni Chen and Nam Kim and Jae-Hyeung Park and Seok--Hee Jeon},
correspond = {Jae-Hyeung Park},
booktitle  = {16th conference on Optoelectronics and Optical Communication},
volume     = {TP-51},
pages      = {183--184},
month      = {May},
year       = {2009},
address    = {Daechon, Korea},
doi        = {}
}

@inproceedings{Park2009SPIE,
author     = {Jae-Hyeung Park and Ni Chen and Ganbat Baasantseren and Min-Young Shin and Nam Kim},
title      = {Hologram generation from orthographic view images of three-dimensional object and its optimization},
booktitle  = {Three-Dimensional Imaging, Visualization, and Display 2009},
year       = {2009},
volume     = {7329},
pages      = {73290D},
address    = {Orlando, Florida, USA},
month      = {may},
correspond = {Jae-Hyeung Park},
doi        = {10.1117/12.821444},
jcr        = {EI},
}


%=================================== Patent ================================

@misc{Xu2018,
title        = {Novel high-resolution light field microscope structure},
author       = {Zhimin Xu and Xuhui Zhang and Ni Chen},
journal      = {},
year         = {2019},
month        = {July},
howpublished = {\url{http://www2.soopat.com/Patent/201821783322}},
note         = {number 209086540 U},
}


%=================================== Thesis ================================

@phdthesis{phdthesis,
  author       = {Ni Chen}, 
  title        = {Full Complex Wave Generation Methods using Multiple Intensity Images},
  school       = {Electrical and Computer Engineering, Seoul National University},
  year         = 2014,
  address      = {The address of the publisher},
  month        = 7,
  note         = {}
}



@mastersthesis{mastersthesis,
  author       = {Ni Chen}, 
  title        = {Study on 3D Hologram Synthesis based on Integral Imaging and the
Resolution Enhancement.},
  school       = {Computer and Communication Engineering, Chungbuk National University},
  year         = 2010,
  address      = {The address of the publisher},
  month        = 7,
  note         = {}
}






%=================================== Software ================================